02RETORNO01COBRANÇA       44000000020672010898ASSOCIACAO ENGENHEIROS ARQUITE756 - BANCOOB S/A 1902160000001                                                                                                                                                                                                                                                                                               000001
1024802042400014444000000010898000000                         000000004106010000000PC00000000000000000000 0506150216LOCAÇÃO                       150216000000005500034123120991502160000180000000000000000000000000000000000000000000000000000000000000000000000000055000000000000000000000000000000000000000000000000000000010000000000000          0002563896681100000000000000000000000000000000000000000002
9027564400SICOOB CREDIACISC        AVENIDA SALLUM                                    VILA PRADO                    13574040São Carlos                    SP190220160000000100000000900                                                                                                                                                                                                                    000003
