02RETORNO01COBRANÇA       44000000020672010634ASSOCIACAO ENGENHEIROS ARQUITE756 - BANCOOB S/A 1902160000001                                                                                                                                                                                                                                                                                               000001
1024802042400014444000000010634000000                         000000000384010000000DM00000000000000000000 0109170216ANUIDADE ESTUDA               200815000000000500075644000991702160000000000000000000000000000000000000000000000000000000000000000000000000000000005000000000000000000000000000000000000000000000000000000010000000000000          0003228228282500000000000000000000000000000000000000000002
1024802042400014444000000010634000000                         000000007015010000000PC00000000000000000000 0506150216PUBLICIDADE                   150216000000000585003320220991502160000180000000000000000000000000000000000000000000000000000000000000000000000000005850000000000000000000000000000000000000000000000000000010000000000000          5179382600019600000000000000000000000000000000000000000003
1024802042400014444000000010634000000                         000000000400010000000DM00000000000000000000 0109170216ANUIDADE ESTUDA               200815000000000500075644000991702160000000000000000000000000000000000000000000000000000000000000000000000000000000005000000000000000000000000000000000000000000000000000000010000000000000          0002254667084000000000000000000000000000000000000000000004
1024802042400014444000000010634000000                         000000000456010000000DM00000000000000000000 0109170216ANUIDADE ESTUDA               200815000000000500075644000991702160000000000000000000000000000000000000000000000000000000000000000000000000000000005000000000000000000000000000000000000000000000000000000010000000000000          0002133880186400000000000000000000000000000000000000000005
1024802042400014444000000010634000000                         000000000044010000000DM00000000000000000000 0109170216ANUIDADE ESTUDA               200815000000000500075644000991702160000000000000000000000000000000000000000000000000000000000000000000000000000000005000000000000000000000000000000000000000000000000000000010000000000000          0002238953086900000000000000000000000000000000000000000006
1024802042400014444000000010634000000                         000000000470010000000DM00000000000000000000 0109170216ANUIDADE ESTUDA               200815000000000500075644000991702160000000000000000000000000000000000000000000000000000000000000000000000000000000005000000000000000000000000000000000000000000000000000000010000000000000          0004583580584500000000000000000000000000000000000000000007
1024802042400014444000000010634000000                         000000000377010000000DM00000000000000000000 0109170216ANUIDADE ESTUDA               200815000000000500075644000991702160000000000000000000000000000000000000000000000000000000000000000000000000000000005000000000000000000000000000000000000000000000000000000010000000000000          0002178896987100000000000000000000000000000000000000000008
1024802042400014444000000010634000000                         000000000424010000000DM00000000000000000000 0109170216ANUIDADE ESTUDA               200815000000000500075644000991702160000000000000000000000000000000000000000000000000000000000000000000000000000000005000000000000000000000000000000000000000000000000000000010000000000000          0003105531980800000000000000000000000000000000000000000009
1024802042400014444000000010634000000                         000000000449010000000DM00000000000000000000 0109170216ANUIDADE ESTUDA               200815000000000500075644000991702160000000000000000000000000000000000000000000000000000000000000000000000000000000005000000000000000000000000000000000000000000000000000000010000000000000          0003463523981000000000000000000000000000000000000000000010
1024802042400014444000000010634000000                         000000000298010000000DM00000000000000000000 0109170216ANUIDADE 2015                 200815000000002000075644000991702160000000000000000000000000000000000000000000000000000000000000000000000000000000020000000000000000000000000000000000000000000000000000000010000000000000          0000200968785000000000000000000000000000000000000000000011
1024802042400014444000000010634000000                         000000000391010000000DM00000000000000000000 0109170216ANUIDADE ESTUDA               200815000000000500075644000991702160000000000000000000000000000000000000000000000000000000000000000000000000000000005000000000000000000000000000000000000000000000000000000010000000000000          0004349129383900000000000000000000000000000000000000000012
1024802042400014444000000010634000000                         000000000417010000000DM00000000000000000000 0109170216ANUIDADE ESTUDA               200815000000000500075644000991702160000000000000000000000000000000000000000000000000000000000000000000000000000000005000000000000000000000000000000000000000000000000000000010000000000000          0004037650185500000000000000000000000000000000000000000013
1024802042400014444000000010634000000                         000000000463010000000DM00000000000000000000 0109170216ANUIDADE ESTUDA               200815000000000500075644000991702160000000000000000000000000000000000000000000000000000000000000000000000000000000005000000000000000000000000000000000000000000000000000000010000000000000          0003038416380700000000000000000000000000000000000000000014
1024802042400014444000000010634000000                         000000000431010000000DM00000000000000000000 0109170216ANUIDADE ESTUDA               200815000000000500075644000991702160000000000000000000000000000000000000000000000000000000000000000000000000000000005000000000000000000000000000000000000000000000000000000010000000000000          0004498645383100000000000000000000000000000000000000000015
9027564400SICOOB CREDIACISC        AVENIDA SALLUM                                    VILA PRADO                    13574040São Carlos                    SP190220160000001400000000900                                                                                                                                                                                                                    000016
